%сборник статей конференции
@XDATA{IKI2016,
	editor = {Сучковой, Л. И.},
	journaltitle = {Измерение, контроль, информатизация : Материалы XVII международной научно-технической конференции},
	year = {2016},
	publisher = {Изд-во АлтГТУ},
	location = {Барнаул},
	pagetotal = {287}
}
%статья в сборнике
@ARTICLE{IKI2016:my,
	xdata = {IKI2016},
	title = {Измерительный комплекс для контроля силы сопротивления снежно ледяных образований резанию дисковым инструментом},
	author = {Сатышев, А. С. and Ганжа, В. А. and Ковалевич, П. В. and Каптюк, И. В. and Панченко, И. В.},
  	year = {2016},
  	pages = {155-158},
  	language = {russian},
}


%статья в сборнике
@ARTICLE{IKI2016:Kaptuk,
	xdata = {IKI2016},
	title = {Регрессионная модель процесса взаимодействия дискового режущего инструмента со снежно-ледяными образованиями},
	author = {Каптюк, И. В. and Ганжа, В. А. and Ковалевич, П. В. and Сатышев, А. С. and Панченко, И. В.},
	year = {2016},
	pages = {207-210},
	language = {russian},
}
%статья в сборнике
@ARTICLE{IKI2016:Ganja,
	xdata = {IKI2016},
	title = {Модернизированный твердомер для контроля прочности аэродромных покрытий содержащихся под слоем уплотненного снега},
	author = {Ганжа, В. А. and Ковалевич, П. В. and Каптюк, И. В. and Сатышев, А. С.},
	year = {2016},
	pages = {47-50},
	language = {russian},
}